<?xml version="1.0" encoding="UTF-8"?>
<collection xmlns:xsi="http://www.w3.org/2001/XMLSchema-instance" xsi:schemaLocation="http://www.loc.gov/MARC21/slim http://www.loc.gov/standards/marcxml/schema/MARC21slim.xsd" xmlns="http://www.loc.gov/MARC21/slim">
<record>
  <leader>00758cam a2200241M  4500</leader>
  <controlfield tag="001">2685773</controlfield>
  <controlfield tag="003">NNC</controlfield>
  <controlfield tag="005">20070711142145.0</controlfield>
  <controlfield tag="008">840214m19519999le a          000 0 arao </controlfield>
  <datafield tag="010" ind1=" " ind2=" ">
    <subfield code="a">   72225643 /NE</subfield>
  </datafield>
  <datafield tag="035" ind1=" " ind2=" ">
    <subfield code="a">(OCoLC)ocm21659895</subfield>
  </datafield>
  <datafield tag="035" ind1=" " ind2=" ">
    <subfield code="9">ARD5375CU</subfield>
  </datafield>
  <datafield tag="035" ind1=" " ind2=" ">
    <subfield code="a">(NNC)2685773</subfield>
  </datafield>
  <datafield tag="040" ind1=" " ind2=" ">
    <subfield code="a">DLC</subfield>
    <subfield code="c">CUY</subfield>
    <subfield code="d">ZCU</subfield>
  </datafield>
  <datafield tag="050" ind1="0" ind2=" ">
    <subfield code="a">DS98</subfield>
    <subfield code="b">.B35</subfield>
  </datafield>
  <datafield tag="099" ind1=" " ind2=" ">
    <subfield code="a">956.9</subfield>
    <subfield code="a">B287</subfield>
  </datafield>
  <datafield tag="100" ind1="1" ind2=" ">
    <subfield code="a">Bārūdī, Fakhrī,</subfield>
    <subfield code="d">1887-1966.</subfield>
  </datafield>
  <datafield tag="245" ind1="1" ind2="0">
    <subfield code="a">Mudhakkirāt al-Bārūdī,</subfield>
    <subfield code="b">sittūn sanah tatakallam.</subfield>
    <subfield code="c">Bi-qalam Fakhrī al-Bārūdī.</subfield>
  </datafield>
  <datafield tag="260" ind1=" " ind2=" ">
    <subfield code="a">Bayrūt</subfield>
    <subfield code="b">[Maṭābiʻ Dār al-Ḥayāh]</subfield>
    <subfield code="c">1951- .</subfield>
  </datafield>
  <datafield tag="300" ind1=" " ind2=" ">
    <subfield code="a">v.</subfield>
    <subfield code="b">illus.</subfield>
    <subfield code="c">20 cm.</subfield>
  </datafield>
  <datafield tag="500" ind1=" " ind2=" ">
    <subfield code="a">Vol. 2 published by ʻĀṭif al-ʻAjjah.</subfield>
  </datafield>
  <datafield tag="600" ind1="1" ind2="0">
    <subfield code="a">Bārūdī, Fakhrī,</subfield>
    <subfield code="d">1887-1966.</subfield>
  </datafield>
  <datafield tag="955" ind1=" " ind2=" ">
    <subfield code="b">0038566010</subfield>
    <subfield code="d">glx</subfield>
    <subfield code="e">956.9 B287</subfield>
    <subfield code="v">v.1</subfield>
  </datafield>
</record>
</collection>